%YAML 1.1
%TAG !u! tag:unity3d.com,2011:
--- !u!1 &1095911666669495492
GameObject:
  m_ObjectHideFlags: 0
  m_CorrespondingSourceObject: {fileID: 0}
  m_PrefabInstance: {fileID: 0}
  m_PrefabAsset: {fileID: 0}
  serializedVersion: 6
  m_Component:
  - component: {fileID: 1095911666669495493}
  - component: {fileID: -3344523286491806675}
  - component: {fileID: -7067734655405215822}
  - component: {fileID: 2376642395041223615}
  m_Layer: 0
  m_Name: Plant_ZonninsPosies
  m_TagString: Item
  m_Icon: {fileID: 0}
  m_NavMeshLayer: 0
  m_StaticEditorFlags: 0
  m_IsActive: 1
--- !u!4 &1095911666669495493
Transform:
  m_ObjectHideFlags: 0
  m_CorrespondingSourceObject: {fileID: 0}
  m_PrefabInstance: {fileID: 0}
  m_PrefabAsset: {fileID: 0}
  m_GameObject: {fileID: 1095911666669495492}
  m_LocalRotation: {x: 0, y: 0, z: 0, w: 1}
  m_LocalPosition: {x: 0, y: 0, z: 0}
  m_LocalScale: {x: 1, y: 1, z: 1}
  m_Children:
  - {fileID: 7300602058854638250}
  m_Father: {fileID: 0}
  m_RootOrder: 0
  m_LocalEulerAnglesHint: {x: 0, y: 0, z: 0}
--- !u!114 &-3344523286491806675
MonoBehaviour:
  m_ObjectHideFlags: 0
  m_CorrespondingSourceObject: {fileID: 0}
  m_PrefabInstance: {fileID: 0}
  m_PrefabAsset: {fileID: 0}
  m_GameObject: {fileID: 1095911666669495492}
  m_Enabled: 1
  m_EditorHideFlags: 0
  m_Script: {fileID: 11500000, guid: 348aabf22dc52974d80e567ad5316e11, type: 3}
  m_Name: 
  m_EditorClassIdentifier: 
  graphicalDisplay: {fileID: 7300602058854638253}
  name: Zonnin's posies
  usable: 1
  stackable: 0
  stackCount: 1
  stackLimit: 10
  price: 0
  tags: []
  textures:
  - {fileID: 2800000, guid: 83250c0ff5b504741a79fcb3d2bb4ffe, type: 3}
  - {fileID: 2800000, guid: 5ea8c2e3b0d67e84185b81b652ec7735, type: 3}
  - {fileID: 2800000, guid: 3c6be51443b78434392e1680b7cd652b, type: 3}
  - {fileID: 2800000, guid: 223ea7aa8fe458d4fbd70e03db280d5b, type: 3}
  - {fileID: 2800000, guid: 418b9dc1f71603446b5cc54ecee4393a, type: 3}
  - {fileID: 2800000, guid: 3c26b78fcc7685047ad49a331bd5b251, type: 3}
  - {fileID: 2800000, guid: 9476dc4668491344ba9978619b62bc8d, type: 3}
  - {fileID: 2800000, guid: 24cb84009da4d9a43af4a7f37f953193, type: 3}
  - {fileID: 2800000, guid: c18283537f8d5c745a045c8528faea96, type: 3}
  - {fileID: 2800000, guid: f767050e51a87284ea8b274c79063df0, type: 3}
  - {fileID: 2800000, guid: 456ca830f0a845d4d98fd020ae03288b, type: 3}
  averageDaysOfGrowth: 0.1
  dailyWaterNeed: 0.1
  dailyNutrientNeed: 0.1
  size: 0100000001000000010000000100000002000000020000000200000002000000030000000300000003000000
  harvest: 0000000000000000000000000000000000000000000000000000000000000000000000000000000001000000
  postHarvestState: 0
  harvestDrop: {fileID: 2419576675896428596, guid: 2bbccfd8f674bde48b58a20562f864a7,
    type: 3}
--- !u!65 &-7067734655405215822
BoxCollider:
  m_ObjectHideFlags: 0
  m_CorrespondingSourceObject: {fileID: 0}
  m_PrefabInstance: {fileID: 0}
  m_PrefabAsset: {fileID: 0}
  m_GameObject: {fileID: 1095911666669495492}
  m_Material: {fileID: 0}
  m_IsTrigger: 0
  m_Enabled: 1
  serializedVersion: 2
  m_Size: {x: 0.33491415, y: 0.33017728, z: 0.38677597}
  m_Center: {x: 0, y: 0.03, z: 0}
--- !u!54 &2376642395041223615
Rigidbody:
  m_ObjectHideFlags: 0
  m_CorrespondingSourceObject: {fileID: 0}
  m_PrefabInstance: {fileID: 0}
  m_PrefabAsset: {fileID: 0}
  m_GameObject: {fileID: 1095911666669495492}
  serializedVersion: 2
  m_Mass: 1
  m_Drag: 0
  m_AngularDrag: 0.05
  m_UseGravity: 1
  m_IsKinematic: 0
  m_Interpolate: 0
  m_Constraints: 112
  m_CollisionDetection: 0
--- !u!1001 &2026456678700218725
PrefabInstance:
  m_ObjectHideFlags: 0
  serializedVersion: 2
  m_Modification:
    m_TransformParent: {fileID: 1095911666669495493}
    m_Modifications:
    - target: {fileID: 8741374145547262920, guid: 8e68692f69c20c0488baecb6bf6e32d6,
        type: 3}
      propertyPath: texture
      value: 
      objectReference: {fileID: 2800000, guid: 08a192188dd3fca4a9ceafa687598d6f, type: 3}
    - target: {fileID: 8741374145547262920, guid: 8e68692f69c20c0488baecb6bf6e32d6,
        type: 3}
      propertyPath: accountForSpriteHeight
      value: 1
      objectReference: {fileID: 0}
    - target: {fileID: 8741374145547262924, guid: 8e68692f69c20c0488baecb6bf6e32d6,
        type: 3}
      propertyPath: m_Name
      value: GFX Template
      objectReference: {fileID: 0}
    - target: {fileID: 8741374145547262925, guid: 8e68692f69c20c0488baecb6bf6e32d6,
        type: 3}
      propertyPath: m_Materials.Array.data[0]
      value: 
      objectReference: {fileID: 0}
    - target: {fileID: 8741374145547262927, guid: 8e68692f69c20c0488baecb6bf6e32d6,
        type: 3}
      propertyPath: m_LocalPosition.x
      value: 0
      objectReference: {fileID: 0}
    - target: {fileID: 8741374145547262927, guid: 8e68692f69c20c0488baecb6bf6e32d6,
        type: 3}
      propertyPath: m_LocalPosition.y
      value: 0
      objectReference: {fileID: 0}
    - target: {fileID: 8741374145547262927, guid: 8e68692f69c20c0488baecb6bf6e32d6,
        type: 3}
      propertyPath: m_LocalPosition.z
      value: 0
      objectReference: {fileID: 0}
    - target: {fileID: 8741374145547262927, guid: 8e68692f69c20c0488baecb6bf6e32d6,
        type: 3}
      propertyPath: m_LocalRotation.x
      value: -0
      objectReference: {fileID: 0}
    - target: {fileID: 8741374145547262927, guid: 8e68692f69c20c0488baecb6bf6e32d6,
        type: 3}
      propertyPath: m_LocalRotation.y
      value: -0
      objectReference: {fileID: 0}
    - target: {fileID: 8741374145547262927, guid: 8e68692f69c20c0488baecb6bf6e32d6,
        type: 3}
      propertyPath: m_LocalRotation.z
      value: -0
      objectReference: {fileID: 0}
    - target: {fileID: 8741374145547262927, guid: 8e68692f69c20c0488baecb6bf6e32d6,
        type: 3}
      propertyPath: m_LocalRotation.w
      value: 1
      objectReference: {fileID: 0}
    - target: {fileID: 8741374145547262927, guid: 8e68692f69c20c0488baecb6bf6e32d6,
        type: 3}
      propertyPath: m_RootOrder
      value: 0
      objectReference: {fileID: 0}
    - target: {fileID: 8741374145547262927, guid: 8e68692f69c20c0488baecb6bf6e32d6,
        type: 3}
      propertyPath: m_LocalEulerAnglesHint.x
      value: 0
      objectReference: {fileID: 0}
    - target: {fileID: 8741374145547262927, guid: 8e68692f69c20c0488baecb6bf6e32d6,
        type: 3}
      propertyPath: m_LocalEulerAnglesHint.y
      value: 0
      objectReference: {fileID: 0}
    - target: {fileID: 8741374145547262927, guid: 8e68692f69c20c0488baecb6bf6e32d6,
        type: 3}
      propertyPath: m_LocalEulerAnglesHint.z
      value: 0
      objectReference: {fileID: 0}
    m_RemovedComponents: []
  m_SourcePrefab: {fileID: 100100000, guid: 8e68692f69c20c0488baecb6bf6e32d6, type: 3}
--- !u!4 &7300602058854638250 stripped
Transform:
  m_CorrespondingSourceObject: {fileID: 8741374145547262927, guid: 8e68692f69c20c0488baecb6bf6e32d6,
    type: 3}
  m_PrefabInstance: {fileID: 2026456678700218725}
  m_PrefabAsset: {fileID: 0}
--- !u!114 &7300602058854638253 stripped
MonoBehaviour:
  m_CorrespondingSourceObject: {fileID: 8741374145547262920, guid: 8e68692f69c20c0488baecb6bf6e32d6,
    type: 3}
  m_PrefabInstance: {fileID: 2026456678700218725}
  m_PrefabAsset: {fileID: 0}
  m_GameObject: {fileID: 0}
  m_Enabled: 1
  m_EditorHideFlags: 0
  m_Script: {fileID: 11500000, guid: 130e5dc171647a14b9f0ffb1a5fa5e34, type: 3}
  m_Name: 
  m_EditorClassIdentifier: 
